@article{psychology_recognition_87,
	author 	= {Biederman Irving},
	title 	= {Recognition by components: A theory of human image understanding},
	journal = {Psychological Review},
	volume 	= {94},
	number 	= {2},
	year 	= {1987},
	pages 	= {115--147}
}